<record><leader>00000cas a22000007a 4500</leader><controlfield tag="001">38017808</controlfield><controlfield tag="008">971129d18uu1uuuiluwr ne      0    0eng d</controlfield><datafield ind1=" " ind2=" " tag="010"><subfield code="a">sn 97062075 </subfield></datafield><datafield ind1=" " ind2=" " tag="040"><subfield code="a">CVF</subfield><subfield code="b">eng</subfield><subfield code="c">CVF</subfield><subfield code="d">OCL</subfield><subfield code="d">CGP</subfield><subfield code="d">OCLCQ</subfield></datafield><datafield ind1=" " ind2=" " tag="042"><subfield code="a">msc</subfield></datafield><datafield ind1=" " ind2=" " tag="043"><subfield code="a">n-us-il</subfield></datafield><datafield ind1="0" ind2=" " tag="130"><subfield code="a">Weekly reporter (Chicago, Ill. : 1884)</subfield></datafield><datafield ind1="1" ind2="0" tag="245"><subfield code="a">Weekly reporter.</subfield></datafield><datafield ind1=" " ind2=" " tag="260"><subfield code="a">Jefferson [Chicago], Ill. :</subfield><subfield code="b">E.J. Bronson</subfield></datafield><datafield ind1=" " ind2=" " tag="300"><subfield code="a">v.</subfield></datafield><datafield ind1=" " ind2=" " tag="310"><subfield code="a">Weekly</subfield></datafield><datafield ind1=" " ind2=" " tag="588"><subfield code="a">Description based on : vol. 5, no. 21 (Dec. 20, 1884).</subfield></datafield><datafield ind1=" " ind2="0" tag="651"><subfield code="a">Humboldt Park (Chicago, Ill.)</subfield><subfield code="v">Newspapers.</subfield></datafield><datafield ind1=" " ind2=" " tag="752"><subfield code="a">United States</subfield><subfield code="b">Illinois</subfield><subfield code="c">Cook</subfield><subfield code="d">Chicago.</subfield></datafield><datafield ind1=" " ind2=" " tag="752"><subfield code="a">United States</subfield><subfield code="b">Illinois</subfield><subfield code="c">Cook</subfield><subfield code="d">Jefferson.</subfield></datafield></record>